<?xml version="1.0" encoding="UTF-8"?>
<record xmlns="http://www.loc.gov/MARC21/slim" xmlns:xsi="http://www.w3.org/2001/XMLSchema-instance" xsi:schemaLocation="http://www.loc.gov/MARC21/slim http://www.loc.gov/standards/marcxml/schema/MARC21slim.xsd">
<leader>00000cam a22      a 4500</leader>
<controlfield tag="001">001043989</controlfield>
<controlfield tag="003">NNU</controlfield>
<controlfield tag="005">20150707180132.0</controlfield>
<controlfield tag="008">041130s1940    ua a     b    001 0 aradd</controlfield>
<datafield tag="035" ind1=" " ind2=" ">
<subfield code="a">(OCoLC)318942252</subfield>
</datafield>
<datafield tag="040" ind1=" " ind2=" ">
<subfield code="a">MEAUC</subfield>
<subfield code="c">MEAUC</subfield>
<subfield code="d">OCLCQ</subfield>
<subfield code="d">OCLCF</subfield>
<subfield code="d">OCLCO</subfield>
<subfield code="d">NNU</subfield>
</datafield>
<datafield tag="041" ind1="1" ind2=" ">
<subfield code="a">ara</subfield>
<subfield code="h">ger</subfield>
</datafield>
<datafield tag="043" ind1=" " ind2=" ">
<subfield code="a">au-----</subfield>
<subfield code="a">ff-----</subfield>
</datafield>
<datafield tag="050" ind1=" " ind2="4">
<subfield code="a">DS36.85</subfield>
<subfield code="b">.M4912 1940</subfield>
</datafield>
<datafield tag="100" ind1="1" ind2=" ">
<subfield code="a">Mez, Adam,</subfield>
<subfield code="d">1869-1917</subfield>
<subfield code="6">880-01</subfield>
</datafield>
<datafield tag="240" ind1="1" ind2="0">
<subfield code="a">Renaissance des Islams.</subfield>
<subfield code="l">Arabic.</subfield>
</datafield>
<datafield tag="245" ind1="1" ind2="3">
<subfield code="6">880-02</subfield>
<subfield code="a">al-Ḥaḍārah al-Islāmīyah fī al-qarn al-rābiʻ al-Hijrī /</subfield>
<subfield code="c">taʼlīf Ādam Mitz = Die Renaissance des Islams / Adam Mez ; naqalahu ilá al-ʻArabīyah Muḥammad ʻAbd al-Hādī Abū Rīdah.</subfield>
</datafield>
<datafield tag="260" ind1=" " ind2=" ">
<subfield code="6">880-03</subfield>
<subfield code="a">al-Qāhirah :</subfield>
<subfield code="b">Maṭbaʻat Lajnat al-Taʼlīf wa-al-Tarjamah wa-al-Nashr,</subfield>
<subfield code="c">1940.</subfield>
</datafield>
<datafield tag="300" ind1=" " ind2=" ">
<subfield code="a">2 v. :</subfield>
<subfield code="b">ill. ;</subfield>
<subfield code="c">25 cm.</subfield>
</datafield>
<datafield tag="504" ind1=" " ind2=" ">
<subfield code="a">Includes bibliographical references.</subfield>
</datafield>
<datafield tag="651" ind1=" " ind2="0">
<subfield code="a">Islamic Empire.</subfield>
</datafield>
<datafield tag="650" ind1=" " ind2="0">
<subfield code="a">Islamic civilization.</subfield>
</datafield>
<datafield tag="650" ind1=" " ind2="7">
<subfield code="a">Islamic civilization.</subfield>
<subfield code="2">fast</subfield>
<subfield code="0">(OCoLC)fst01730294</subfield>
</datafield>
<datafield tag="651" ind1=" " ind2="7">
<subfield code="a">Islamic Empire.</subfield>
<subfield code="2">fast</subfield>
<subfield code="0">(OCoLC)fst01244134</subfield>
</datafield>
<datafield tag="700" ind1="1" ind2=" ">
<subfield code="6">880-04</subfield>
<subfield code="a">Abū Rīdah, Muḥammad ʻAbd al-Hādī.</subfield>
</datafield>
<datafield tag="880" ind1="1" ind2=" ">
<subfield code="6">100-01/</subfield>
<subfield code="a">متز، آدم،</subfield>
<subfield code="d">1869-1917.</subfield>
</datafield>
<datafield tag="880" ind1="1" ind2="2">
<subfield code="6">245-02/</subfield>
<subfield code="a">الحضارة الإسلامية في القرن الرابع الهجري /</subfield>
<subfield code="c">تأليف آدم متز ؛ نقله إلى العربية محمد عبد الهادي أبو ريدة.</subfield>
</datafield>
<datafield tag="880" ind1=" " ind2=" ">
<subfield code="6">260-03/</subfield>
<subfield code="a">القاهرة :</subfield>
<subfield code="b">مكتبة لجنة التأليف والترجمه والنشر،</subfield>
<subfield code="c">1940.</subfield>
</datafield>
<datafield tag="880" ind1="1" ind2=" ">
<subfield code="6">700-04/</subfield>
<subfield code="a">أبو ريدة، محمد عبد الهادي.</subfield>
</datafield>
<datafield tag="OWN" ind1=" " ind2=" ">
<subfield code="a">GENERAL</subfield>
</datafield>
<datafield tag="AVA" ind1=" " ind2=" ">
<subfield code="a">NYU50</subfield>
<subfield code="b">BOBST</subfield>
<subfield code="c">Main Collection</subfield>
<subfield code="d">DS36.85 .M4912</subfield>
<subfield code="e">unavailable</subfield>
<subfield code="t">Unavailable</subfield>
<subfield code="f">2</subfield>
<subfield code="g">2</subfield>
<subfield code="h">Y</subfield>
<subfield code="i">1</subfield>
<subfield code="j">MAIN</subfield>
<subfield code="k">0</subfield>
</datafield>
</record>
